@MISC{mariolives,
	title = {Mario Lives! An Adaptive Learning AI Approach for Generating a Living and Conversing Mario Agent},
	author = {Stephan Ehrenfeld and Fabian Schrodt and Prof. Dr. Martin V. Butz},
	year = {2015},
	url = {http://aivideocompetition.org/mario-lives-an-adaptive-learning-ai-approach-for-generating-a-living-and-conversing-mario-agent/},
}

@InCollection{levine_et_al:DFU:2013:4337,
	author =	{John Levine and Clare Bates Congdon and Marc Ebner and Graham Kendall and Simon M. Lucas and Risto Miikkulainen and Tom Schaul and Tommy Thompson},
	title =	{{General Video Game Playing}},
	booktitle =	{Artificial and Computational Intelligence in Games},
	pages =	{77--83},
	series =	{Dagstuhl Follow-Ups},
	ISBN =	{978-3-939897-62-0},
	ISSN =	{1868-8977},
	year =	{2013},
	volume =	{6},
	editor =	{Simon M. Lucas and Michael Mateas and Mike Preuss and Pieter Spronck and Julian Togelius},
	publisher =	{Schloss Dagstuhl--Leibniz-Zentrum fuer Informatik},
	address =	{Dagstuhl, Germany},
	URL =		{http://drops.dagstuhl.de/opus/volltexte/2013/4337},
	URN =		{urn:nbn:de:0030-drops-43374},
	doi =		{http://dx.doi.org/10.4230/DFU.Vol6.12191.77},
	annote =	{Keywords: Video games, artificial intelligence, artificial general intelligence}
}

@MISC{vgdl,
	author = {Tom Schaul},
	title = {A Video Game Description Language for Model-based or Interactive Learning},
	year =	{2013}
}

@MISC{fable,
	author = {Dene and Simon Carter},
	title = {Game Designers Vs. the Public},
	year =	{2004}
}